%YAML 1.1
%TAG !u! tag:unity3d.com,2011:
--- !u!1 &7449677169574016008
GameObject:
  m_ObjectHideFlags: 0
  m_CorrespondingSourceObject: {fileID: 0}
  m_PrefabInstance: {fileID: 0}
  m_PrefabAsset: {fileID: 0}
  serializedVersion: 6
  m_Component:
  - component: {fileID: 5116605335713855747}
  - component: {fileID: 5803311753577776359}
  m_Layer: 0
  m_Name: AudioManager
  m_TagString: Untagged
  m_Icon: {fileID: 0}
  m_NavMeshLayer: 0
  m_StaticEditorFlags: 0
  m_IsActive: 1
--- !u!4 &5116605335713855747
Transform:
  m_ObjectHideFlags: 0
  m_CorrespondingSourceObject: {fileID: 0}
  m_PrefabInstance: {fileID: 0}
  m_PrefabAsset: {fileID: 0}
  m_GameObject: {fileID: 7449677169574016008}
  m_LocalRotation: {x: 0, y: 0, z: 0, w: 1}
  m_LocalPosition: {x: 0, y: 0, z: 0}
  m_LocalScale: {x: 1, y: 1, z: 1}
  m_ConstrainProportionsScale: 0
  m_Children:
  - {fileID: 8157762049828664909}
  m_Father: {fileID: 0}
  m_RootOrder: 0
  m_LocalEulerAnglesHint: {x: 0, y: 0, z: 0}
--- !u!114 &5803311753577776359
MonoBehaviour:
  m_ObjectHideFlags: 0
  m_CorrespondingSourceObject: {fileID: 0}
  m_PrefabInstance: {fileID: 0}
  m_PrefabAsset: {fileID: 0}
  m_GameObject: {fileID: 7449677169574016008}
  m_Enabled: 1
  m_EditorHideFlags: 0
  m_Script: {fileID: 11500000, guid: 5f0e362ee4b6742b0b710432ecd4e70b, type: 3}
  m_Name: 
  m_EditorClassIdentifier: 
  _database:
  - AudioName: 0
    Type: 1
    AudioClip: {fileID: 8300000, guid: 5894f5c2db5f24bf48285c1413d2ca52, type: 3}
    Volume: 0.8
    Priority: 128
    SpatialBlend: 0
    Source: {fileID: 0}
    IsLooping: 1
    PlayOnAwake: 0
  - AudioName: 1
    Type: 1
    AudioClip: {fileID: 8300000, guid: 3a611c1439e9cca4f9de3d11a7e54d3a, type: 3}
    Volume: 0.03
    Priority: 128
    SpatialBlend: 0
    Source: {fileID: 0}
    IsLooping: 1
    PlayOnAwake: 0
  - AudioName: 21
    Type: 0
    AudioClip: {fileID: 8300000, guid: 0d47282e050917d4bb7be3af149e9391, type: 3}
    Volume: 0.5
    Priority: 128
    SpatialBlend: 1
    Source: {fileID: 0}
    IsLooping: 0
    PlayOnAwake: 0
  - AudioName: 22
    Type: 0
    AudioClip: {fileID: 8300000, guid: 0d47282e050917d4bb7be3af149e9391, type: 3}
    Volume: 0.5
    Priority: 128
    SpatialBlend: 1
    Source: {fileID: 0}
    IsLooping: 0
    PlayOnAwake: 0
  - AudioName: 23
    Type: 0
    AudioClip: {fileID: 8300000, guid: 0d47282e050917d4bb7be3af149e9391, type: 3}
    Volume: 0.5
    Priority: 128
    SpatialBlend: 1
    Source: {fileID: 0}
    IsLooping: 0
    PlayOnAwake: 0
  - AudioName: 25
    Type: 0
    AudioClip: {fileID: 8300000, guid: fb8c85f44332f194c8930411c17ad65a, type: 3}
    Volume: 0.55
    Priority: 128
    SpatialBlend: 1
    Source: {fileID: 0}
    IsLooping: 0
    PlayOnAwake: 0
  - AudioName: 26
    Type: 0
    AudioClip: {fileID: 8300000, guid: 4043b86833c811d4b86ed3518d38b82e, type: 3}
    Volume: 0.55
    Priority: 128
    SpatialBlend: 1
    Source: {fileID: 0}
    IsLooping: 0
    PlayOnAwake: 0
  - AudioName: 27
    Type: 0
    AudioClip: {fileID: 8300000, guid: ba25268c8bb38e241a13f99f79558c27, type: 3}
    Volume: 0.55
    Priority: 128
    SpatialBlend: 1
    Source: {fileID: 0}
    IsLooping: 0
    PlayOnAwake: 0
  - AudioName: 28
    Type: 0
    AudioClip: {fileID: 8300000, guid: 15f42c5326cec444bbf5ae37937626db, type: 3}
    Volume: 1
    Priority: 128
    SpatialBlend: 0
    Source: {fileID: 0}
    IsLooping: 0
    PlayOnAwake: 0
  - AudioName: 29
    Type: 0
    AudioClip: {fileID: 8300000, guid: 61f9c5a1c4479ba4694d2f3a11759bef, type: 3}
    Volume: 1
    Priority: 128
    SpatialBlend: 0
    Source: {fileID: 0}
    IsLooping: 0
    PlayOnAwake: 0
  - AudioName: 30
    Type: 0
    AudioClip: {fileID: 8300000, guid: ad40588585119cd4881b5be351313f02, type: 3}
    Volume: 1
    Priority: 128
    SpatialBlend: 0
    Source: {fileID: 0}
    IsLooping: 0
    PlayOnAwake: 0
  - AudioName: 31
    Type: 0
    AudioClip: {fileID: 8300000, guid: 52a48e3adc50d424099fbf93216d13da, type: 3}
    Volume: 1
    Priority: 128
    SpatialBlend: 0
    Source: {fileID: 0}
    IsLooping: 0
    PlayOnAwake: 0
  - AudioName: 32
    Type: 0
    AudioClip: {fileID: 8300000, guid: c4df88eac194e304cb8fd1fedd9ed18a, type: 3}
    Volume: 1
    Priority: 128
    SpatialBlend: 0
    Source: {fileID: 0}
    IsLooping: 0
    PlayOnAwake: 0
  - AudioName: 33
    Type: 0
    AudioClip: {fileID: 8300000, guid: c87c6194a0348a245a8600788b46379a, type: 3}
    Volume: 1
    Priority: 128
    SpatialBlend: 0
    Source: {fileID: 0}
    IsLooping: 0
    PlayOnAwake: 0
  - AudioName: 34
    Type: 0
    AudioClip: {fileID: 8300000, guid: 1d3de4218bb284547bc8d12691d6a651, type: 3}
    Volume: 1
    Priority: 128
    SpatialBlend: 0
    Source: {fileID: 0}
    IsLooping: 0
    PlayOnAwake: 0
  - AudioName: 35
    Type: 0
    AudioClip: {fileID: 8300000, guid: 0a084d822ef5ae74bb2ddf08c17ea60a, type: 3}
    Volume: 1
    Priority: 128
    SpatialBlend: 0
    Source: {fileID: 0}
    IsLooping: 0
    PlayOnAwake: 0
  - AudioName: 36
    Type: 0
    AudioClip: {fileID: 8300000, guid: 2e8f19059e2f6c247a62d29d789546c3, type: 3}
    Volume: 0.25
    Priority: 128
    SpatialBlend: 1
    Source: {fileID: 0}
    IsLooping: 0
    PlayOnAwake: 0
  - AudioName: 37
    Type: 0
    AudioClip: {fileID: 8300000, guid: 7e08a05ef8fc8864c8d16072dacf6187, type: 3}
    Volume: 0.7
    Priority: 128
    SpatialBlend: 1
    Source: {fileID: 0}
    IsLooping: 0
    PlayOnAwake: 0
  - AudioName: 38
    Type: 0
    AudioClip: {fileID: 8300000, guid: 2ca2576c94fbf0c4983d12dfbb646b38, type: 3}
    Volume: 0.5
    Priority: 128
    SpatialBlend: 1
    Source: {fileID: 0}
    IsLooping: 0
    PlayOnAwake: 0
  - AudioName: 39
    Type: 0
    AudioClip: {fileID: 8300000, guid: aada6d595c53b9a4bafddf8ca61b41ab, type: 3}
    Volume: 0.75
    Priority: 128
    SpatialBlend: 0
    Source: {fileID: 0}
    IsLooping: 0
    PlayOnAwake: 0
  - AudioName: 40
    Type: 0
    AudioClip: {fileID: 8300000, guid: 901d4feb30530684dbb1f253a17f5d7d, type: 3}
    Volume: 0.35
    Priority: 128
    SpatialBlend: 0
    Source: {fileID: 0}
    IsLooping: 0
    PlayOnAwake: 0
  - AudioName: 41
    Type: 0
    AudioClip: {fileID: 8300000, guid: 54fa9fd799d176f4589d2ea9ce1030f8, type: 3}
    Volume: 0.35
    Priority: 128
    SpatialBlend: 0
    Source: {fileID: 0}
    IsLooping: 0
    PlayOnAwake: 0
  - AudioName: 42
    Type: 0
    AudioClip: {fileID: 8300000, guid: b8ea67221ccfe87449eec41dcff8b053, type: 3}
    Volume: 0.35
    Priority: 128
    SpatialBlend: 0
    Source: {fileID: 0}
    IsLooping: 0
    PlayOnAwake: 0
  - AudioName: 43
    Type: 0
    AudioClip: {fileID: 8300000, guid: c9c4005732c2cca43aeda2e379494f4c, type: 3}
    Volume: 0.35
    Priority: 128
    SpatialBlend: 0
    Source: {fileID: 0}
    IsLooping: 0
    PlayOnAwake: 0
  - AudioName: 53
    Type: 0
    AudioClip: {fileID: 8300000, guid: a50e41a1a42662946a1575b8c5e90f0c, type: 3}
    Volume: 0.5
    Priority: 120
    SpatialBlend: 0
    Source: {fileID: 0}
    IsLooping: 0
    PlayOnAwake: 0
  - AudioName: 54
    Type: 0
    AudioClip: {fileID: 8300000, guid: 4d6654ba970fc8648a9f411126206384, type: 3}
    Volume: 0.5
    Priority: 120
    SpatialBlend: 0
    Source: {fileID: 0}
    IsLooping: 0
    PlayOnAwake: 0
  - AudioName: 55
    Type: 0
    AudioClip: {fileID: 8300000, guid: 55718826c2e16d64aa12007fe02c86bb, type: 3}
    Volume: 0.7
    Priority: 120
    SpatialBlend: 0
    Source: {fileID: 0}
    IsLooping: 0
    PlayOnAwake: 0
  - AudioName: 56
    Type: 0
    AudioClip: {fileID: 8300000, guid: 640ebed5192a25a48996ac3d86b5412f, type: 3}
    Volume: 0.7
    Priority: 120
    SpatialBlend: 0
    Source: {fileID: 0}
    IsLooping: 0
    PlayOnAwake: 0
  - AudioName: 59
    Type: 0
    AudioClip: {fileID: 8300000, guid: 2b1c1e0076e9fb749805d6192f1be815, type: 3}
    Volume: 0.5
    Priority: 128
    SpatialBlend: 0
    Source: {fileID: 0}
    IsLooping: 0
    PlayOnAwake: 0
  - AudioName: 60
    Type: 0
    AudioClip: {fileID: 8300000, guid: 1571a90d31583354dadd77e1e9c9f647, type: 3}
    Volume: 0.5
    Priority: 128
    SpatialBlend: 0
    Source: {fileID: 0}
    IsLooping: 0
    PlayOnAwake: 0
  - AudioName: 61
    Type: 0
    AudioClip: {fileID: 8300000, guid: 2d45964f487b4d7479c8ea81b2debf76, type: 3}
    Volume: 0.5
    Priority: 128
    SpatialBlend: 0
    Source: {fileID: 0}
    IsLooping: 0
    PlayOnAwake: 0
  - AudioName: 62
    Type: 0
    AudioClip: {fileID: 8300000, guid: 2981cb95fbe74be4ea34c9c58af814c7, type: 3}
    Volume: 0.5
    Priority: 128
    SpatialBlend: 0
    Source: {fileID: 0}
    IsLooping: 0
    PlayOnAwake: 0
  - AudioName: 63
    Type: 0
    AudioClip: {fileID: 8300000, guid: 203f4ded35a27294b9a7e6d82ac9f327, type: 3}
    Volume: 0.5
    Priority: 128
    SpatialBlend: 0
    Source: {fileID: 0}
    IsLooping: 0
    PlayOnAwake: 0
  - AudioName: 64
    Type: 0
    AudioClip: {fileID: 8300000, guid: 970f522f36c84e4479a7150d95099d74, type: 3}
    Volume: 0.5
    Priority: 128
    SpatialBlend: 0
    Source: {fileID: 0}
    IsLooping: 0
    PlayOnAwake: 0
--- !u!1 &7858423259858539450
GameObject:
  m_ObjectHideFlags: 0
  m_CorrespondingSourceObject: {fileID: 0}
  m_PrefabInstance: {fileID: 0}
  m_PrefabAsset: {fileID: 0}
  serializedVersion: 6
  m_Component:
  - component: {fileID: 8157762049828664909}
  - component: {fileID: 5537430713673468662}
  m_Layer: 0
  m_Name: VivoxManage
  m_TagString: Untagged
  m_Icon: {fileID: 0}
  m_NavMeshLayer: 0
  m_StaticEditorFlags: 0
  m_IsActive: 1
--- !u!4 &8157762049828664909
Transform:
  m_ObjectHideFlags: 0
  m_CorrespondingSourceObject: {fileID: 0}
  m_PrefabInstance: {fileID: 0}
  m_PrefabAsset: {fileID: 0}
  m_GameObject: {fileID: 7858423259858539450}
  m_LocalRotation: {x: 0, y: 0, z: 0, w: 1}
  m_LocalPosition: {x: 0, y: 0, z: 0}
  m_LocalScale: {x: 1, y: 1, z: 1}
  m_ConstrainProportionsScale: 0
  m_Children: []
  m_Father: {fileID: 5116605335713855747}
  m_RootOrder: 0
  m_LocalEulerAnglesHint: {x: 0, y: 0, z: 0}
--- !u!114 &5537430713673468662
MonoBehaviour:
  m_ObjectHideFlags: 0
  m_CorrespondingSourceObject: {fileID: 0}
  m_PrefabInstance: {fileID: 0}
  m_PrefabAsset: {fileID: 0}
  m_GameObject: {fileID: 7858423259858539450}
  m_Enabled: 1
  m_EditorHideFlags: 0
  m_Script: {fileID: 11500000, guid: ad1de9bb4f3a96d4bb82a023ab4714ce, type: 3}
  m_Name: 
  m_EditorClassIdentifier: 
