%YAML 1.1
%TAG !u! tag:unity3d.com,2011:
--- !u!29 &1
OcclusionCullingSettings:
  m_ObjectHideFlags: 0
  serializedVersion: 2
  m_OcclusionBakeSettings:
    smallestOccluder: 5
    smallestHole: 0.25
    backfaceThreshold: 100
  m_SceneGUID: 00000000000000000000000000000000
  m_OcclusionCullingData: {fileID: 0}
--- !u!104 &2
RenderSettings:
  m_ObjectHideFlags: 0
  serializedVersion: 9
  m_Fog: 0
  m_FogColor: {r: 0.5, g: 0.5, b: 0.5, a: 1}
  m_FogMode: 3
  m_FogDensity: 0.01
  m_LinearFogStart: 0
  m_LinearFogEnd: 300
  m_AmbientSkyColor: {r: 0.212, g: 0.227, b: 0.259, a: 1}
  m_AmbientEquatorColor: {r: 0.114, g: 0.125, b: 0.133, a: 1}
  m_AmbientGroundColor: {r: 0.047, g: 0.043, b: 0.035, a: 1}
  m_AmbientIntensity: 1
  m_AmbientMode: 0
  m_SubtractiveShadowColor: {r: 0.42, g: 0.478, b: 0.627, a: 1}
  m_SkyboxMaterial: {fileID: 10304, guid: 0000000000000000f000000000000000, type: 0}
  m_HaloStrength: 0.5
  m_FlareStrength: 1
  m_FlareFadeSpeed: 3
  m_HaloTexture: {fileID: 0}
  m_SpotCookie: {fileID: 10001, guid: 0000000000000000e000000000000000, type: 0}
  m_DefaultReflectionMode: 0
  m_DefaultReflectionResolution: 128
  m_ReflectionBounces: 1
  m_ReflectionIntensity: 1
  m_CustomReflection: {fileID: 0}
  m_Sun: {fileID: 0}
  m_IndirectSpecularColor: {r: 0.43909824, g: 0.47914392, b: 0.5232285, a: 1}
  m_UseRadianceAmbientProbe: 0
--- !u!157 &3
LightmapSettings:
  m_ObjectHideFlags: 0
  serializedVersion: 12
  m_GIWorkflowMode: 1
  m_GISettings:
    serializedVersion: 2
    m_BounceScale: 1
    m_IndirectOutputScale: 1
    m_AlbedoBoost: 1
    m_EnvironmentLightingMode: 0
    m_EnableBakedLightmaps: 1
    m_EnableRealtimeLightmaps: 0
  m_LightmapEditorSettings:
    serializedVersion: 12
    m_Resolution: 2
    m_BakeResolution: 40
    m_AtlasSize: 1024
    m_AO: 0
    m_AOMaxDistance: 1
    m_CompAOExponent: 1
    m_CompAOExponentDirect: 0
    m_ExtractAmbientOcclusion: 0
    m_Padding: 2
    m_LightmapParameters: {fileID: 0}
    m_LightmapsBakeMode: 1
    m_TextureCompression: 1
    m_FinalGather: 0
    m_FinalGatherFiltering: 1
    m_FinalGatherRayCount: 256
    m_ReflectionCompression: 2
    m_MixedBakeMode: 2
    m_BakeBackend: 1
    m_PVRSampling: 1
    m_PVRDirectSampleCount: 32
    m_PVRSampleCount: 512
    m_PVRBounces: 2
    m_PVREnvironmentSampleCount: 256
    m_PVREnvironmentReferencePointCount: 2048
    m_PVRFilteringMode: 1
    m_PVRDenoiserTypeDirect: 1
    m_PVRDenoiserTypeIndirect: 1
    m_PVRDenoiserTypeAO: 1
    m_PVRFilterTypeDirect: 0
    m_PVRFilterTypeIndirect: 0
    m_PVRFilterTypeAO: 0
    m_PVREnvironmentMIS: 1
    m_PVRCulling: 1
    m_PVRFilteringGaussRadiusDirect: 1
    m_PVRFilteringGaussRadiusIndirect: 5
    m_PVRFilteringGaussRadiusAO: 2
    m_PVRFilteringAtrousPositionSigmaDirect: 0.5
    m_PVRFilteringAtrousPositionSigmaIndirect: 2
    m_PVRFilteringAtrousPositionSigmaAO: 1
    m_ExportTrainingData: 0
    m_TrainingDataDestination: TrainingData
    m_LightProbeSampleCountMultiplier: 4
  m_LightingDataAsset: {fileID: 0}
  m_LightingSettings: {fileID: 0}
--- !u!196 &4
NavMeshSettings:
  serializedVersion: 2
  m_ObjectHideFlags: 0
  m_BuildSettings:
    serializedVersion: 2
    agentTypeID: 0
    agentRadius: 0.5
    agentHeight: 2
    agentSlope: 45
    agentClimb: 0.4
    ledgeDropHeight: 0
    maxJumpAcrossDistance: 0
    minRegionArea: 2
    manualCellSize: 0
    cellSize: 0.16666667
    manualTileSize: 0
    tileSize: 256
    accuratePlacement: 0
    maxJobWorkers: 0
    preserveTilesOutsideBounds: 0
    debug:
      m_Flags: 0
  m_NavMeshData: {fileID: 0}
--- !u!1 &19424670
GameObject:
  m_ObjectHideFlags: 0
  m_CorrespondingSourceObject: {fileID: 0}
  m_PrefabInstance: {fileID: 0}
  m_PrefabAsset: {fileID: 0}
  serializedVersion: 6
  m_Component:
  - component: {fileID: 19424674}
  - component: {fileID: 19424673}
  - component: {fileID: 19424672}
  - component: {fileID: 19424671}
  m_Layer: 0
  m_Name: PreviewCamera
  m_TagString: Untagged
  m_Icon: {fileID: 0}
  m_NavMeshLayer: 0
  m_StaticEditorFlags: 0
  m_IsActive: 1
--- !u!114 &19424671
MonoBehaviour:
  m_ObjectHideFlags: 0
  m_CorrespondingSourceObject: {fileID: 0}
  m_PrefabInstance: {fileID: 0}
  m_PrefabAsset: {fileID: 0}
  m_GameObject: {fileID: 19424670}
  m_Enabled: 1
  m_EditorHideFlags: 0
  m_Script: {fileID: 11500000, guid: a79441f348de89743a2939f4d699eac1, type: 3}
  m_Name: 
  m_EditorClassIdentifier: 
  m_RenderShadows: 1
  m_RequiresDepthTextureOption: 2
  m_RequiresOpaqueTextureOption: 2
  m_CameraType: 0
  m_Cameras: []
  m_RendererIndex: -1
  m_VolumeLayerMask:
    serializedVersion: 2
    m_Bits: 1
  m_VolumeTrigger: {fileID: 0}
  m_VolumeFrameworkUpdateModeOption: 2
  m_RenderPostProcessing: 0
  m_Antialiasing: 0
  m_AntialiasingQuality: 2
  m_StopNaN: 0
  m_Dithering: 0
  m_ClearDepth: 1
  m_AllowXRRendering: 1
  m_RequiresDepthTexture: 0
  m_RequiresColorTexture: 0
  m_Version: 2
--- !u!81 &19424672
AudioListener:
  m_ObjectHideFlags: 0
  m_CorrespondingSourceObject: {fileID: 0}
  m_PrefabInstance: {fileID: 0}
  m_PrefabAsset: {fileID: 0}
  m_GameObject: {fileID: 19424670}
  m_Enabled: 1
--- !u!20 &19424673
Camera:
  m_ObjectHideFlags: 0
  m_CorrespondingSourceObject: {fileID: 0}
  m_PrefabInstance: {fileID: 0}
  m_PrefabAsset: {fileID: 0}
  m_GameObject: {fileID: 19424670}
  m_Enabled: 1
  serializedVersion: 2
  m_ClearFlags: 2
  m_BackGroundColor: {r: 0.19215687, g: 0.3019608, b: 0.4745098, a: 0}
  m_projectionMatrixMode: 1
  m_GateFitMode: 2
  m_FOVAxisMode: 0
  m_SensorSize: {x: 36, y: 24}
  m_LensShift: {x: 0, y: 0}
  m_FocalLength: 50
  m_NormalizedViewPortRect:
    serializedVersion: 2
    x: 0
    y: 0
    width: 1
    height: 1
  near clip plane: 0.3
  far clip plane: 1000
  field of view: 60
  orthographic: 0
  orthographic size: 5
  m_Depth: 0
  m_CullingMask:
    serializedVersion: 2
    m_Bits: 16385
  m_RenderingPath: -1
  m_TargetTexture: {fileID: 8400000, guid: afda6d3f5edd5be44ab18ea1099782a4, type: 2}
  m_TargetDisplay: 0
  m_TargetEye: 3
  m_HDR: 1
  m_AllowMSAA: 1
  m_AllowDynamicResolution: 0
  m_ForceIntoRT: 0
  m_OcclusionCulling: 1
  m_StereoConvergence: 10
  m_StereoSeparation: 0.022
--- !u!4 &19424674
Transform:
  m_ObjectHideFlags: 0
  m_CorrespondingSourceObject: {fileID: 0}
  m_PrefabInstance: {fileID: 0}
  m_PrefabAsset: {fileID: 0}
  m_GameObject: {fileID: 19424670}
  m_LocalRotation: {x: 0.09492434, y: 0.22059135, z: -0.021576023, w: 0.9704965}
  m_LocalPosition: {x: -1502.91, y: -9086.392, z: -51.454613}
  m_LocalScale: {x: 1, y: 1, z: 1}
  m_ConstrainProportionsScale: 0
  m_Children: []
  m_Father: {fileID: 0}
  m_RootOrder: 2
  m_LocalEulerAnglesHint: {x: 0, y: 0, z: 0}
--- !u!1 &286248740
GameObject:
  m_ObjectHideFlags: 0
  m_CorrespondingSourceObject: {fileID: 0}
  m_PrefabInstance: {fileID: 0}
  m_PrefabAsset: {fileID: 0}
  serializedVersion: 6
  m_Component:
  - component: {fileID: 286248743}
  - component: {fileID: 286248742}
  - component: {fileID: 286248741}
  m_Layer: 0
  m_Name: Directional Light
  m_TagString: Untagged
  m_Icon: {fileID: 0}
  m_NavMeshLayer: 0
  m_StaticEditorFlags: 0
  m_IsActive: 1
--- !u!114 &286248741
MonoBehaviour:
  m_ObjectHideFlags: 0
  m_CorrespondingSourceObject: {fileID: 0}
  m_PrefabInstance: {fileID: 0}
  m_PrefabAsset: {fileID: 0}
  m_GameObject: {fileID: 286248740}
  m_Enabled: 1
  m_EditorHideFlags: 0
  m_Script: {fileID: 11500000, guid: 474bcb49853aa07438625e644c072ee6, type: 3}
  m_Name: 
  m_EditorClassIdentifier: 
  m_Version: 1
  m_UsePipelineSettings: 1
  m_AdditionalLightsShadowResolutionTier: 2
  m_LightLayerMask: 1
  m_CustomShadowLayers: 0
  m_ShadowLayerMask: 1
  m_LightCookieSize: {x: 1, y: 1}
  m_LightCookieOffset: {x: 0, y: 0}
--- !u!108 &286248742
Light:
  m_ObjectHideFlags: 0
  m_CorrespondingSourceObject: {fileID: 0}
  m_PrefabInstance: {fileID: 0}
  m_PrefabAsset: {fileID: 0}
  m_GameObject: {fileID: 286248740}
  m_Enabled: 1
  serializedVersion: 10
  m_Type: 1
  m_Shape: 0
  m_Color: {r: 1, g: 1, b: 1, a: 1}
  m_Intensity: 1
  m_Range: 2.87
  m_SpotAngle: 94.855034
  m_InnerSpotAngle: 30
  m_CookieSize: 10
  m_Shadows:
    m_Type: 0
    m_Resolution: -1
    m_CustomResolution: -1
    m_Strength: 1
    m_Bias: 0.05
    m_NormalBias: 0.4
    m_NearPlane: 0.2
    m_CullingMatrixOverride:
      e00: 1
      e01: 0
      e02: 0
      e03: 0
      e10: 0
      e11: 1
      e12: 0
      e13: 0
      e20: 0
      e21: 0
      e22: 1
      e23: 0
      e30: 0
      e31: 0
      e32: 0
      e33: 1
    m_UseCullingMatrixOverride: 0
  m_Cookie: {fileID: 0}
  m_DrawHalo: 0
  m_Flare: {fileID: 0}
  m_RenderMode: 0
  m_CullingMask:
    serializedVersion: 2
    m_Bits: 16384
  m_RenderingLayerMask: 1
  m_Lightmapping: 1
  m_LightShadowCasterMode: 0
  m_AreaSize: {x: 1, y: 1}
  m_BounceIntensity: 1
  m_ColorTemperature: 6570
  m_UseColorTemperature: 0
  m_BoundingSphereOverride: {x: 0, y: 0, z: 0, w: 0}
  m_UseBoundingSphereOverride: 0
  m_UseViewFrustumForShadowCasterCull: 1
  m_ShadowRadius: 0
  m_ShadowAngle: 0
--- !u!4 &286248743
Transform:
  m_ObjectHideFlags: 0
  m_CorrespondingSourceObject: {fileID: 0}
  m_PrefabInstance: {fileID: 0}
  m_PrefabAsset: {fileID: 0}
  m_GameObject: {fileID: 286248740}
  m_LocalRotation: {x: 0.09492434, y: 0.22059135, z: -0.021576023, w: 0.9704965}
  m_LocalPosition: {x: -1502.91, y: -9086.392, z: -51.454613}
  m_LocalScale: {x: 1, y: 1, z: 1}
  m_ConstrainProportionsScale: 0
  m_Children: []
  m_Father: {fileID: 0}
  m_RootOrder: 3
  m_LocalEulerAnglesHint: {x: 50, y: -30, z: 0}
--- !u!1001 &1301093121
PrefabInstance:
  m_ObjectHideFlags: 0
  serializedVersion: 2
  m_Modification:
    m_TransformParent: {fileID: 0}
    m_Modifications:
    - target: {fileID: 376101468616081499, guid: 61446549227f30840bff2f7af493dc58,
        type: 3}
      propertyPath: m_Mesh
      value: 
      objectReference: {fileID: 0}
    - target: {fileID: 1305296838382175399, guid: 61446549227f30840bff2f7af493dc58,
        type: 3}
      propertyPath: m_Layer
      value: 14
      objectReference: {fileID: 0}
    - target: {fileID: 1554488626047497524, guid: 61446549227f30840bff2f7af493dc58,
        type: 3}
      propertyPath: m_Name
      value: RenderCharacter
      objectReference: {fileID: 0}
    - target: {fileID: 2222939316013920142, guid: 61446549227f30840bff2f7af493dc58,
        type: 3}
      propertyPath: m_RootOrder
      value: 0
      objectReference: {fileID: 0}
    - target: {fileID: 2222939316013920142, guid: 61446549227f30840bff2f7af493dc58,
        type: 3}
      propertyPath: m_LocalScale.x
      value: 1
      objectReference: {fileID: 0}
    - target: {fileID: 2222939316013920142, guid: 61446549227f30840bff2f7af493dc58,
        type: 3}
      propertyPath: m_LocalScale.z
      value: 1
      objectReference: {fileID: 0}
    - target: {fileID: 2222939316013920142, guid: 61446549227f30840bff2f7af493dc58,
        type: 3}
      propertyPath: m_LocalPosition.x
      value: -1502
      objectReference: {fileID: 0}
    - target: {fileID: 2222939316013920142, guid: 61446549227f30840bff2f7af493dc58,
        type: 3}
      propertyPath: m_LocalPosition.y
      value: -9087.8
      objectReference: {fileID: 0}
    - target: {fileID: 2222939316013920142, guid: 61446549227f30840bff2f7af493dc58,
        type: 3}
      propertyPath: m_LocalPosition.z
      value: -49.5
      objectReference: {fileID: 0}
    - target: {fileID: 2222939316013920142, guid: 61446549227f30840bff2f7af493dc58,
        type: 3}
      propertyPath: m_LocalRotation.w
      value: 0.21643965
      objectReference: {fileID: 0}
    - target: {fileID: 2222939316013920142, guid: 61446549227f30840bff2f7af493dc58,
        type: 3}
      propertyPath: m_LocalRotation.x
      value: -0
      objectReference: {fileID: 0}
    - target: {fileID: 2222939316013920142, guid: 61446549227f30840bff2f7af493dc58,
        type: 3}
      propertyPath: m_LocalRotation.y
      value: -0.976296
      objectReference: {fileID: 0}
    - target: {fileID: 2222939316013920142, guid: 61446549227f30840bff2f7af493dc58,
        type: 3}
      propertyPath: m_LocalRotation.z
      value: -0
      objectReference: {fileID: 0}
    - target: {fileID: 2222939316013920142, guid: 61446549227f30840bff2f7af493dc58,
        type: 3}
      propertyPath: m_LocalEulerAnglesHint.x
      value: 0
      objectReference: {fileID: 0}
    - target: {fileID: 2222939316013920142, guid: 61446549227f30840bff2f7af493dc58,
        type: 3}
      propertyPath: m_LocalEulerAnglesHint.y
      value: 0
      objectReference: {fileID: 0}
    - target: {fileID: 2222939316013920142, guid: 61446549227f30840bff2f7af493dc58,
        type: 3}
      propertyPath: m_LocalEulerAnglesHint.z
      value: 0
      objectReference: {fileID: 0}
    - target: {fileID: 2353139219858341255, guid: 61446549227f30840bff2f7af493dc58,
        type: 3}
      propertyPath: m_Layer
      value: 14
      objectReference: {fileID: 0}
    - target: {fileID: 2511397608283738134, guid: 61446549227f30840bff2f7af493dc58,
        type: 3}
      propertyPath: m_Layer
      value: 14
      objectReference: {fileID: 0}
    - target: {fileID: 2544030436797609581, guid: 61446549227f30840bff2f7af493dc58,
        type: 3}
      propertyPath: m_Layer
      value: 14
      objectReference: {fileID: 0}
    - target: {fileID: 2544030436797609581, guid: 61446549227f30840bff2f7af493dc58,
        type: 3}
      propertyPath: m_IsActive
      value: 1
      objectReference: {fileID: 0}
    - target: {fileID: 2569024151307002543, guid: 61446549227f30840bff2f7af493dc58,
        type: 3}
      propertyPath: m_Layer
      value: 14
      objectReference: {fileID: 0}
    - target: {fileID: 2973535816410576115, guid: 61446549227f30840bff2f7af493dc58,
        type: 3}
      propertyPath: m_Layer
      value: 14
      objectReference: {fileID: 0}
    - target: {fileID: 3460854519425861665, guid: 61446549227f30840bff2f7af493dc58,
        type: 3}
      propertyPath: animator
      value: 
      objectReference: {fileID: 1301093124}
    - target: {fileID: 3460854519425861665, guid: 61446549227f30840bff2f7af493dc58,
        type: 3}
      propertyPath: _animator
      value: 
      objectReference: {fileID: 1301093124}
    - target: {fileID: 3460854519425861665, guid: 61446549227f30840bff2f7af493dc58,
        type: 3}
      propertyPath: defaultAnimation
      value: 
      objectReference: {fileID: 7400000, guid: e8e65b98782a74249b682a01082b784d, type: 2}
    - target: {fileID: 3460854519425861665, guid: 61446549227f30840bff2f7af493dc58,
        type: 3}
      propertyPath: animations.Array.size
      value: 3
      objectReference: {fileID: 0}
    - target: {fileID: 3460854519425861665, guid: 61446549227f30840bff2f7af493dc58,
        type: 3}
      propertyPath: _itemRenders.Array.size
      value: 11
      objectReference: {fileID: 0}
    - target: {fileID: 3460854519425861665, guid: 61446549227f30840bff2f7af493dc58,
        type: 3}
      propertyPath: animations.Array.data[0]
      value: 
      objectReference: {fileID: 7400000, guid: e8e65b98782a74249b682a01082b784d, type: 2}
    - target: {fileID: 3460854519425861665, guid: 61446549227f30840bff2f7af493dc58,
        type: 3}
      propertyPath: animations.Array.data[1]
      value: 
      objectReference: {fileID: 7400000, guid: e8e65b98782a74249b682a01082b784d, type: 2}
    - target: {fileID: 3460854519425861665, guid: 61446549227f30840bff2f7af493dc58,
        type: 3}
      propertyPath: animations.Array.data[2]
      value: 
      objectReference: {fileID: 7400000, guid: e8e65b98782a74249b682a01082b784d, type: 2}
    - target: {fileID: 3460854519425861665, guid: 61446549227f30840bff2f7af493dc58,
        type: 3}
      propertyPath: animations.Array.data[3]
      value: 
      objectReference: {fileID: 7400000, guid: e8e65b98782a74249b682a01082b784d, type: 2}
    - target: {fileID: 3460854519425861665, guid: 61446549227f30840bff2f7af493dc58,
        type: 3}
      propertyPath: animations.Array.data[4]
      value: 
      objectReference: {fileID: 7400000, guid: 90f5e66026a36124c8fe6a802ab899af, type: 2}
    - target: {fileID: 3460854519425861665, guid: 61446549227f30840bff2f7af493dc58,
        type: 3}
      propertyPath: animations.Array.data[5]
      value: 
      objectReference: {fileID: 7400000, guid: ec7ec5ee33761e84faf01bf993530524, type: 2}
    - target: {fileID: 3460854519425861665, guid: 61446549227f30840bff2f7af493dc58,
        type: 3}
      propertyPath: _itemRenders.Array.data[1].itemType
      value: 1
      objectReference: {fileID: 0}
    - target: {fileID: 3460854519425861665, guid: 61446549227f30840bff2f7af493dc58,
        type: 3}
      propertyPath: _itemRenders.Array.data[2].itemType
      value: 2
      objectReference: {fileID: 0}
    - target: {fileID: 3460854519425861665, guid: 61446549227f30840bff2f7af493dc58,
        type: 3}
      propertyPath: _itemRenders.Array.data[3].itemType
      value: 3
      objectReference: {fileID: 0}
    - target: {fileID: 3460854519425861665, guid: 61446549227f30840bff2f7af493dc58,
        type: 3}
      propertyPath: _itemRenders.Array.data[4].itemType
      value: 4
      objectReference: {fileID: 0}
    - target: {fileID: 3460854519425861665, guid: 61446549227f30840bff2f7af493dc58,
        type: 3}
      propertyPath: _itemRenders.Array.data[5].itemType
      value: 5
      objectReference: {fileID: 0}
    - target: {fileID: 3460854519425861665, guid: 61446549227f30840bff2f7af493dc58,
        type: 3}
      propertyPath: _itemRenders.Array.data[6].itemType
      value: 6
      objectReference: {fileID: 0}
    - target: {fileID: 3460854519425861665, guid: 61446549227f30840bff2f7af493dc58,
        type: 3}
      propertyPath: _itemRenders.Array.data[7].itemType
      value: 7
      objectReference: {fileID: 0}
    - target: {fileID: 3460854519425861665, guid: 61446549227f30840bff2f7af493dc58,
        type: 3}
      propertyPath: _itemRenders.Array.data[8].itemType
      value: 8
      objectReference: {fileID: 0}
    - target: {fileID: 3460854519425861665, guid: 61446549227f30840bff2f7af493dc58,
        type: 3}
      propertyPath: _itemRenders.Array.data[9].itemType
      value: 9
      objectReference: {fileID: 0}
    - target: {fileID: 3460854519425861665, guid: 61446549227f30840bff2f7af493dc58,
        type: 3}
      propertyPath: _itemRenders.Array.data[10].itemType
      value: 10
      objectReference: {fileID: 0}
    - target: {fileID: 3460854519425861665, guid: 61446549227f30840bff2f7af493dc58,
        type: 3}
      propertyPath: _itemRenders.Array.data[0].meshFilter
      value: 
      objectReference: {fileID: 1972138973}
    - target: {fileID: 3460854519425861665, guid: 61446549227f30840bff2f7af493dc58,
        type: 3}
      propertyPath: _itemRenders.Array.data[4].meshFilter
      value: 
      objectReference: {fileID: 1972138975}
    - target: {fileID: 3460854519425861665, guid: 61446549227f30840bff2f7af493dc58,
        type: 3}
      propertyPath: _itemRenders.Array.data[5].meshFilter
      value: 
      objectReference: {fileID: 1972138971}
    - target: {fileID: 3460854519425861665, guid: 61446549227f30840bff2f7af493dc58,
        type: 3}
      propertyPath: _itemRenders.Array.data[6].meshFilter
      value: 
      objectReference: {fileID: 0}
    - target: {fileID: 3460854519425861665, guid: 61446549227f30840bff2f7af493dc58,
        type: 3}
      propertyPath: _itemRenders.Array.data[0].meshRenderer
      value: 
      objectReference: {fileID: 1972138972}
    - target: {fileID: 3460854519425861665, guid: 61446549227f30840bff2f7af493dc58,
        type: 3}
      propertyPath: _itemRenders.Array.data[4].meshRenderer
      value: 
      objectReference: {fileID: 1972138974}
    - target: {fileID: 3460854519425861665, guid: 61446549227f30840bff2f7af493dc58,
        type: 3}
      propertyPath: _itemRenders.Array.data[5].meshRenderer
      value: 
      objectReference: {fileID: 1972138970}
    - target: {fileID: 3460854519425861665, guid: 61446549227f30840bff2f7af493dc58,
        type: 3}
      propertyPath: _itemRenders.Array.data[6].meshRenderer
      value: 
      objectReference: {fileID: 0}
    - target: {fileID: 3460854519425861665, guid: 61446549227f30840bff2f7af493dc58,
        type: 3}
      propertyPath: _itemRenders.Array.data[1].skinnedmeshRenderer
      value: 
      objectReference: {fileID: 1972138977}
    - target: {fileID: 3460854519425861665, guid: 61446549227f30840bff2f7af493dc58,
        type: 3}
      propertyPath: _itemRenders.Array.data[6].skinnedmeshRenderer
      value: 
      objectReference: {fileID: 1972138976}
    - target: {fileID: 3460854519425861665, guid: 61446549227f30840bff2f7af493dc58,
        type: 3}
      propertyPath: _itemRenders.Array.data[7].skinnedmeshRenderer
      value: 
      objectReference: {fileID: 1511867581}
    - target: {fileID: 3460854519425861665, guid: 61446549227f30840bff2f7af493dc58,
        type: 3}
      propertyPath: _itemRenders.Array.data[8].skinnedmeshRenderer
      value: 
      objectReference: {fileID: 1511867580}
    - target: {fileID: 3460854519425861665, guid: 61446549227f30840bff2f7af493dc58,
        type: 3}
      propertyPath: _itemRenders.Array.data[9].skinnedmeshRenderer
      value: 
      objectReference: {fileID: 1511867582}
    - target: {fileID: 3460854519425861665, guid: 61446549227f30840bff2f7af493dc58,
        type: 3}
      propertyPath: _itemRenders.Array.data[10].skinnedmeshRenderer
      value: 
      objectReference: {fileID: 1511867583}
    - target: {fileID: 3751571952152436848, guid: 61446549227f30840bff2f7af493dc58,
        type: 3}
      propertyPath: m_Layer
      value: 14
      objectReference: {fileID: 0}
    - target: {fileID: 4388457269566576468, guid: 61446549227f30840bff2f7af493dc58,
        type: 3}
      propertyPath: m_Layer
      value: 14
      objectReference: {fileID: 0}
    - target: {fileID: 5179111704826548755, guid: 61446549227f30840bff2f7af493dc58,
        type: 3}
      propertyPath: m_Layer
      value: 14
      objectReference: {fileID: 0}
    - target: {fileID: 5478085733272717572, guid: 61446549227f30840bff2f7af493dc58,
        type: 3}
      propertyPath: m_Layer
      value: 14
      objectReference: {fileID: 0}
    - target: {fileID: 5642784190594105538, guid: 61446549227f30840bff2f7af493dc58,
        type: 3}
      propertyPath: m_Layer
      value: 14
      objectReference: {fileID: 0}
    - target: {fileID: 5724700790540692680, guid: 61446549227f30840bff2f7af493dc58,
        type: 3}
      propertyPath: m_Layer
      value: 14
      objectReference: {fileID: 0}
    - target: {fileID: 8508700898459881023, guid: 61446549227f30840bff2f7af493dc58,
        type: 3}
      propertyPath: m_Layer
      value: 14
      objectReference: {fileID: 0}
    - target: {fileID: 8508700898459881023, guid: 61446549227f30840bff2f7af493dc58,
        type: 3}
      propertyPath: m_IsActive
      value: 1
      objectReference: {fileID: 0}
    - target: {fileID: 9055101642780133815, guid: 61446549227f30840bff2f7af493dc58,
        type: 3}
      propertyPath: m_Mesh
      value: 
      objectReference: {fileID: 0}
    m_RemovedComponents: []
  m_SourcePrefab: {fileID: 100100000, guid: 61446549227f30840bff2f7af493dc58, type: 3}
--- !u!114 &1301093122 stripped
MonoBehaviour:
  m_CorrespondingSourceObject: {fileID: 3460854519425861665, guid: 61446549227f30840bff2f7af493dc58,
    type: 3}
  m_PrefabInstance: {fileID: 1301093121}
  m_PrefabAsset: {fileID: 0}
  m_GameObject: {fileID: 1301093123}
  m_Enabled: 1
  m_EditorHideFlags: 0
  m_Script: {fileID: 11500000, guid: 23597418e2cc8df43a3f1903b3dcd743, type: 3}
  m_Name: 
  m_EditorClassIdentifier: 
--- !u!1 &1301093123 stripped
GameObject:
  m_CorrespondingSourceObject: {fileID: 1554488626047497524, guid: 61446549227f30840bff2f7af493dc58,
    type: 3}
  m_PrefabInstance: {fileID: 1301093121}
  m_PrefabAsset: {fileID: 0}
--- !u!95 &1301093124
Animator:
  serializedVersion: 4
  m_ObjectHideFlags: 0
  m_CorrespondingSourceObject: {fileID: 0}
  m_PrefabInstance: {fileID: 0}
  m_PrefabAsset: {fileID: 0}
  m_GameObject: {fileID: 1301093123}
  m_Enabled: 1
  m_Avatar: {fileID: 9000000, guid: 6d7af8a62d2b82e408c532d26acf2a03, type: 3}
  m_Controller: {fileID: 9100000, guid: 29732230b545c624d8b2b90c3dc15af4, type: 2}
  m_CullingMode: 0
  m_UpdateMode: 0
  m_ApplyRootMotion: 1
  m_LinearVelocityBlending: 0
  m_StabilizeFeet: 0
  m_WarningMessage: 
  m_HasTransformHierarchy: 1
  m_AllowConstantClipSamplingOptimization: 1
  m_KeepAnimatorControllerStateOnDisable: 0
--- !u!114 &1301093125
MonoBehaviour:
  m_ObjectHideFlags: 0
  m_CorrespondingSourceObject: {fileID: 0}
  m_PrefabInstance: {fileID: 0}
  m_PrefabAsset: {fileID: 0}
  m_GameObject: {fileID: 1301093123}
  m_Enabled: 1
  m_EditorHideFlags: 0
  m_Script: {fileID: 11500000, guid: 1935e71a0c078004d8ea61d485b51b4a, type: 3}
  m_Name: 
  m_EditorClassIdentifier: 
  _animator: {fileID: 1301093124}
  _characterRender: {fileID: 1301093122}
--- !u!137 &1511867580 stripped
SkinnedMeshRenderer:
  m_CorrespondingSourceObject: {fileID: 3186175287879948962, guid: 61446549227f30840bff2f7af493dc58,
    type: 3}
  m_PrefabInstance: {fileID: 1301093121}
  m_PrefabAsset: {fileID: 0}
--- !u!137 &1511867581 stripped
SkinnedMeshRenderer:
  m_CorrespondingSourceObject: {fileID: 7879750902230834603, guid: 61446549227f30840bff2f7af493dc58,
    type: 3}
  m_PrefabInstance: {fileID: 1301093121}
  m_PrefabAsset: {fileID: 0}
--- !u!137 &1511867582 stripped
SkinnedMeshRenderer:
  m_CorrespondingSourceObject: {fileID: 376101468616081499, guid: 61446549227f30840bff2f7af493dc58,
    type: 3}
  m_PrefabInstance: {fileID: 1301093121}
  m_PrefabAsset: {fileID: 0}
--- !u!137 &1511867583 stripped
SkinnedMeshRenderer:
  m_CorrespondingSourceObject: {fileID: 9055101642780133815, guid: 61446549227f30840bff2f7af493dc58,
    type: 3}
  m_PrefabInstance: {fileID: 1301093121}
  m_PrefabAsset: {fileID: 0}
--- !u!1 &1772913915
GameObject:
  m_ObjectHideFlags: 0
  m_CorrespondingSourceObject: {fileID: 0}
  m_PrefabInstance: {fileID: 0}
  m_PrefabAsset: {fileID: 0}
  serializedVersion: 6
  m_Component:
  - component: {fileID: 1772913917}
  - component: {fileID: 1772913918}
  m_Layer: 0
  m_Name: SceneManager
  m_TagString: Untagged
  m_Icon: {fileID: 0}
  m_NavMeshLayer: 0
  m_StaticEditorFlags: 0
  m_IsActive: 1
--- !u!4 &1772913917
Transform:
  m_ObjectHideFlags: 0
  m_CorrespondingSourceObject: {fileID: 0}
  m_PrefabInstance: {fileID: 0}
  m_PrefabAsset: {fileID: 0}
  m_GameObject: {fileID: 1772913915}
  m_LocalRotation: {x: 0, y: 0, z: 0, w: 1}
  m_LocalPosition: {x: 0, y: 0, z: 0}
  m_LocalScale: {x: 1, y: 1, z: 1}
  m_ConstrainProportionsScale: 0
  m_Children: []
  m_Father: {fileID: 0}
  m_RootOrder: 1
  m_LocalEulerAnglesHint: {x: 0, y: 0, z: 0}
--- !u!114 &1772913918
MonoBehaviour:
  m_ObjectHideFlags: 0
  m_CorrespondingSourceObject: {fileID: 0}
  m_PrefabInstance: {fileID: 0}
  m_PrefabAsset: {fileID: 0}
  m_GameObject: {fileID: 1772913915}
  m_Enabled: 1
  m_EditorHideFlags: 0
  m_Script: {fileID: 11500000, guid: 40c5d1ce52dc50d4c925a724140a2aba, type: 3}
  m_Name: 
  m_EditorClassIdentifier: 
  _characterRenderController: {fileID: 1301093125}
  _cameraTransformRender: {fileID: 0}
--- !u!23 &1972138970 stripped
MeshRenderer:
  m_CorrespondingSourceObject: {fileID: 7037585235012113382, guid: 61446549227f30840bff2f7af493dc58,
    type: 3}
  m_PrefabInstance: {fileID: 1301093121}
  m_PrefabAsset: {fileID: 0}
--- !u!33 &1972138971 stripped
MeshFilter:
  m_CorrespondingSourceObject: {fileID: 4140674588014394503, guid: 61446549227f30840bff2f7af493dc58,
    type: 3}
  m_PrefabInstance: {fileID: 1301093121}
  m_PrefabAsset: {fileID: 0}
--- !u!23 &1972138972 stripped
MeshRenderer:
  m_CorrespondingSourceObject: {fileID: 7498605569098885577, guid: 61446549227f30840bff2f7af493dc58,
    type: 3}
  m_PrefabInstance: {fileID: 1301093121}
  m_PrefabAsset: {fileID: 0}
--- !u!33 &1972138973 stripped
MeshFilter:
  m_CorrespondingSourceObject: {fileID: 8776858063906393006, guid: 61446549227f30840bff2f7af493dc58,
    type: 3}
  m_PrefabInstance: {fileID: 1301093121}
  m_PrefabAsset: {fileID: 0}
--- !u!23 &1972138974 stripped
MeshRenderer:
  m_CorrespondingSourceObject: {fileID: 4990408438180266423, guid: 61446549227f30840bff2f7af493dc58,
    type: 3}
  m_PrefabInstance: {fileID: 1301093121}
  m_PrefabAsset: {fileID: 0}
--- !u!33 &1972138975 stripped
MeshFilter:
  m_CorrespondingSourceObject: {fileID: 6705000252620706735, guid: 61446549227f30840bff2f7af493dc58,
    type: 3}
  m_PrefabInstance: {fileID: 1301093121}
  m_PrefabAsset: {fileID: 0}
--- !u!137 &1972138976 stripped
SkinnedMeshRenderer:
  m_CorrespondingSourceObject: {fileID: 153776145311281240, guid: 61446549227f30840bff2f7af493dc58,
    type: 3}
  m_PrefabInstance: {fileID: 1301093121}
  m_PrefabAsset: {fileID: 0}
--- !u!137 &1972138977 stripped
SkinnedMeshRenderer:
  m_CorrespondingSourceObject: {fileID: 5264995687950322025, guid: 61446549227f30840bff2f7af493dc58,
    type: 3}
  m_PrefabInstance: {fileID: 1301093121}
  m_PrefabAsset: {fileID: 0}
